<?xml version="1.0" encoding="UTF-8"?><collection xmlns="http://www.loc.gov/MARC21/slim"><record><leader>00456nam--2200181-i-4500</leader><controlfield tag="001">000008090</controlfield><controlfield tag="002">20161230</controlfield><controlfield tag="005">20170115014843</controlfield><controlfield tag="008">060222s1000------------r-----000-0-eng-d</controlfield><datafield ind1=" " ind2=" " tag="080"><subfield code="a">621.791</subfield></datafield><datafield ind1=" " ind2=" " tag="100"><subfield code="a">Aastrup, P</subfield></datafield><datafield ind1=" " ind2=" " tag="245"><subfield code="a">Joining methods applied to sintered aluminium products</subfield></datafield><datafield ind1=" " ind2=" " tag="260"><subfield code="a">Riso</subfield><subfield code="b">Danish Atomic Energy Commission</subfield><subfield code="c">1968</subfield></datafield><datafield ind1=" " ind2=" " tag="300"><subfield code="a">24 p</subfield></datafield><datafield ind1=" " ind2=" " tag="490"><subfield code="a">145</subfield></datafield><datafield ind1=" " ind2=" " tag="700"><subfield code="a">Moe, A </subfield></datafield><datafield ind1=" " ind2=" " tag="852"><subfield code="a">13457</subfield></datafield><datafield ind1=" " ind2=" " tag="CAT"><subfield code="a">SYS</subfield><subfield code="c">20170115</subfield><subfield code="h">014843</subfield></datafield></record></collection>